
@book{gonzalezDigitalImageProcessing2017,
	address = {New York},
	edition = {Fourth edition, global edition},
	title = {Digital image processing},
	isbn = {978-0-13-335672-4 978-1-292-22307-0 978-1-292-22304-9},
	language = {en},
	publisher = {Pearson},
	author = {Gonzalez, Rafael C. and Woods, Richard E.},
	year = {2017},
	file = {PDF:/home/ulisex/Zotero/storage/MHQB2KCQ/Gonzalez y Woods - 2017 - Digital image processing.pdf:application/pdf},
}

@misc{walkerHistogramEqualizationPython2023,
	title = {Histogram {Equalization} in {Python} from {Scratch}},
	howpublished = {https://medium.com/hackernoon/histogram-equalization-in-python-from-scratch-ebb9c8aa3f23},
	abstract = {Histogram Equalization is one of the fundamental tools in the image processing toolkit.},
	language = {en},
	urldate = {2025-03-06},
	journal = {HackerNoon.com},
	author = {Walker, Tory},
	month = apr,
	year = {2023},
	file = {Snapshot:/home/ulisex/Zotero/storage/UER45MVK/histogram-equalization-in-python-from-scratch-ebb9c8aa3f23.html:text/html},
}

@misc{SolemsVisionBlog2015,
	title = {solem's vision blog: {Histogram} equalization with {Python} and {NumPy}},
	shorttitle = {solem's vision blog},
	howpublished = {https://web.archive.org/web/20151219221513/http://www.janeriksolem.net/2009/06/histogram-equalization-with-python-and.html},
	urldate = {2025-03-06},
	month = dec,
	year = {2015},
	file = {Snapshot:/home/ulisex/Zotero/storage/BHFY864D/histogram-equalization-with-python-and.html:text/html},
}

@misc{karnewarBacktobasicsPart12018,
	title = {Back-to-basics {Part} 1: {Histogram} {Equalization} in {Image} {Processing}},
	shorttitle = {Back-to-basics {Part} 1},
	howpublished = {https://medium.com/@animeshsk3/back-to-basics-part-1-histogram-equalization-in-image-processing-f607f33c5d55},
	abstract = {Deep Learning has completely transformed the discipline of Computer Vision and Image Processing entirely. We are quite aware of howâ€¦},
	language = {en},
	urldate = {2025-03-06},
	journal = {Medium},
	author = {Karnewar, Animesh},
	month = oct,
	year = {2018},
	file = {Snapshot:/home/ulisex/Zotero/storage/KGF6HBNE/back-to-basics-part-1-histogram-equalization-in-image-processing-f607f33c5d55.html:text/html},
}
