
@book{gonzalezDigitalImageProcessing2017,
	address = {New York},
	edition = {Fourth edition, global edition},
	title = {Digital image processing},
	isbn = {978-0-13-335672-4 978-1-292-22307-0 978-1-292-22304-9},
	language = {en},
	publisher = {Pearson},
	author = {Gonzalez, Rafael C. and Woods, Richard E.},
	year = {2017},
	file = {PDF:/home/ulisex/Zotero/storage/NHBPRWNN/Gonzalez y Woods - 2017 - Digital image processing.pdf:application/pdf},
}

@misc{wojcickiNearestNeighbourInterpolation2020,
	title = {Nearest {Neighbour} {Interpolation}},
	howpublished = {https://kwojcicki.github.io/blog/NEAREST-NEIGHBOUR},
	abstract = {Wojik},
	language = {en},
	urldate = {2025-02-27},
	journal = {Wojik},
	author = {Wojcicki, Krystian},
	month = aug,
	year = {2020},
	file = {Snapshot:/home/ulisex/Zotero/storage/B46SKWYJ/NEAREST-NEIGHBOUR.html:text/html},
}

@misc{wojcickiBilinearInterpolation2022,
	title = {Bilinear interpolation},
	howpublished = {https://kwojcicki.github.io/blog/BILINEAR-IMAGE-INTERPOLATION},
	abstract = {Wojik},
	language = {en},
	urldate = {2025-02-27},
	journal = {Wojik},
	author = {Wojcicki, Krystian},
	month = aug,
	year = {2022},
	file = {Snapshot:/home/ulisex/Zotero/storage/TNCEZRFI/BILINEAR-IMAGE-INTERPOLATION.html:text/html},
}
